@article{parkin2008magnetic,
  title={Magnetic domain-wall racetrack memory},
  author={Parkin, Stuart SP and Hayashi, Masamitsu and Thomas, Luc},
  journal={Science},
  volume={320},
  number={5873},
  pages={190--194},
  year={2008},
  publisher={American Association for the Advancement of Science}
}
@article{julliere1975tunneling,
  title={Tunneling between ferromagnetic films},
  author={Julliere, Michel},
  journal={Physics Letters A},
  volume={54},
  number={3},
  pages={225--226},
  year={1975},
  publisher={Elsevier}
}
@article{baibich1988giant,
  title={Giant magnetoresistance of (001)Fe/(001)Cr magnetic superlattices},
  author={Baibich, Mario Norberto and Broto, Jean Marc and Fert, Albert and Van Dau, F Nguyen and Petroff, Fr{\'e}d{\'e}ric and Etienne, P and Creuzet, G and Friederich, A and Chazelas, J},
  journal={Physical Review Letters},
  volume={61},
  number={21},
  pages={2472},
  year={1988},
  publisher={APS}
}
@article{binasch1989enhanced,
  title={Enhanced magnetoresistance in layered magnetic structures with antiferromagnetic interlayer exchange},
  author={Binasch, Gr\"unberg and Gr{\"u}nberg, Peter and Saurenbach, F and Zinn, W},
  journal={Physical Review B},
  volume={39},
  number={7},
  pages={4828},
  year={1989},
  publisher={APS}
}
@article{johnson1991analysis,
  title={Analysis of anomalous multilayer magnetoresistance within the thermomagnetoelectric system},
  author={Johnson, Mark},
  journal={Physical Review Letters},
  volume={67},
  number={25},
  pages={3594},
  year={1991},
  publisher={APS}
}
@article{ennen2016giant,
  title={Giant magnetoresistance: Basic concepts, microstructure, magnetic interactions and applications},
  author={Ennen, Inga and Kappe, Daniel and Rempel, Thomas and Glenske, Claudia and H{\"u}tten, Andreas},
  journal={Sensors},
  volume={16},
  number={6},
  pages={904},
  year={2016},
  publisher={MDPI}
}
@article{ikeda2008tunnel,
  title={Tunnel magnetoresistance of 604\% at \SI{300}{K} by suppression of Ta diffusion in CoFeB/MgO/CoFeB pseudo-spin-valves annealed at high temperature},
  author={Ikeda, S and Hayakawa, J and Ashizawa, Y and Lee, YM and Miura, K and Hasegawa, H and Tsunoda, M and Matsukura, F and Ohno, H},
  journal={Applied Physics Letters},
  volume={93},
  number={8},
  pages={082508},
  year={2008},
  publisher={American Institute of Physics}
}
@article{parkin1991giant,
  title={Giant magnetoresistance in antiferromagnetic Co/Cu multilayers},
  author={Parkin, SSP and Li, ZG and Smith, David J},
  journal={Applied Physics Letters},
  volume={58},
  number={23},
  pages={2710--2712},
  year={1991},
  publisher={American Institute of Physics}
}
@article{hirohata2020review,
  title={Review on spintronics: Principles and device applications},
  author={Hirohata, Atsufumi and Yamada, Keisuke and Nakatani, Yoshinobu and Prejbeanu, Ioan-Lucian and Di{\'e}ny, Bernard and Pirro, Philipp and Hillebrands, Burkard},
  journal={Journal of Magnetism and Magnetic Materials},
  volume={509},
  pages={166711},
  year={2020},
  publisher={Elsevier}
}
@article{miyazaki1995giant,
  title={Giant magnetic tunneling effect in Fe/\ce{Al2O3}/Fe junction},
  author={Miyazaki, Terunobu and Tezuka, Nobuki},
  journal={Journal of Magnetism and Magnetic Materials},
  volume={139},
  number={3},
  pages={L231--L234},
  year={1995},
  publisher={Elsevier}
}
@article{moodera1995large,
  title={Large magnetoresistance at room temperature in ferromagnetic thin film tunnel junctions},
  author={Moodera, Jagadeesh Subbaiah and Kinder, Lisa R and Wong, Terrilyn M and Meservey, R},
  journal={Physical Review Letters},
  volume={74},
  number={16},
  pages={3273},
  year={1995},
  publisher={APS}
}
@article{wei200780,
  title={80\% tunneling magnetoresistance at room temperature for thin Al--O barrier magnetic tunnel junction with CoFeB as free and reference layers},
  author={Wei, HX and Qin, QH and Ma, M and Sharif, R and Han, XF},
  journal={Journal of Applied Physics},
  volume={101},
  number={9},
  pages={09B501},
  year={2007},
  publisher={American Institute of Physics}
}
@article{butler2001spin,
  title={Spin-dependent tunneling conductance of Fe|MgO|Fe sandwiches},
  author={Butler, WH and Zhang, X-G and Schulthess, TC and MacLaren, JM},
  journal={Physical Review B},
  volume={63},
  number={5},
  pages={054416},
  year={2001},
  publisher={APS}
}
@article{mathon2001theory,
  title={Theory of tunneling magnetoresistance of an epitaxial Fe/MgO/Fe(001) junction},
  author={Mathon, J and Umerski, A},
  journal={Physical Review B},
  volume={63},
  number={22},
  pages={220403},
  year={2001},
  publisher={APS}
}
@article{yuasa2004giant,
  title={Giant room-temperature magnetoresistance in single-crystal Fe/MgO/Fe magnetic tunnel junctions},
  author={Yuasa, Shinji and Nagahama, Taro and Fukushima, Akio and Suzuki, Yoshishige and Ando, Koji},
  journal={Nature Materials},
  volume={3},
  number={12},
  pages={868--871},
  year={2004},
  publisher={Nature Publishing Group UK London}
}
@article{dyakonov1971current,
  title={Current-induced spin orientation of electrons in semiconductors},
  author={Dyakonov, Mikhail I and Perel, VI},
  journal={Physics Letters A},
  volume={35},
  number={6},
  pages={459--460},
  year={1971},
  publisher={Elsevier}
}
@article{d1971possibility,
  title={Possibility of orienting electron spins with current},
  author={D'Yakonov, Mikhail I and Perel, VI},
  journal={Soviet Journal of Experimental and Theoretical Physics Letters},
  volume={13},
  pages={467},
  year={1971}
}
@article{hirsch1999spin,
  title={Spin Hall effect},
  author={Hirsch, JE},
  journal={Physical Review Letters},
  volume={83},
  number={9},
  pages={1834},
  year={1999},
  publisher={APS}
}
@article{zhang2000spin,
  title={Spin Hall effect in the presence of spin diffusion},
  author={Zhang, Shufeng},
  journal={Physical Review Letters},
  volume={85},
  number={2},
  pages={393},
  year={2000},
  publisher={APS}
}
@article{brune2010evidence,
  title={Evidence for the ballistic intrinsic spin Hall effect in HgTe nanostructures},
  author={Br{\"u}ne, C and Roth, A and Novik, EG and K{\"o}nig, M and Buhmann, H and Hankiewicz, EM and Hanke, W and Sinova, J and Molenkamp, LW},
  journal={Nature Physics},
  volume={6},
  number={6},
  pages={448--454},
  year={2010},
  publisher={Nature Publishing Group UK London}
}